%ref.bib
%random articles
@book{lamport1994latex,
    title={{\LaTeX}: A document preparation system: User's guide 
    and reference manual},
    author={Lamport, Leslie},
    year={1994},
    publisher={Addison-Wesley}
}
@book{goossens1997latex,
    title={The {\LaTeX} graphics companion: Illustrating documents 
    with {\TeX} and PostScript},
    author={Goossens, Michel and Rahtz, 
    Sebastian PQ and Rahtz, Sebastian and Mittelbach, Frank},
    volume={1},
    year={1997},
    publisher={Addison-Wesley Professional}
}
@book{griffiths1997learning,
    title={Learning {\LaTeX}},
    author={Griffiths, David F and Higham, Desmond J},
    year={1997},
    publisher={SIAM}
}